<record><leader>00000cas a22000007a 4500</leader><controlfield tag="001">11604882</controlfield><controlfield tag="008">850122d18uu1839alucn ne      0    0eng d</controlfield><datafield ind1=" " ind2=" " tag="010"><subfield code="a">sn 85025227 </subfield></datafield><datafield ind1=" " ind2=" " tag="040"><subfield code="a">NPX</subfield><subfield code="b">eng</subfield><subfield code="c">NPX</subfield><subfield code="d">DLC</subfield><subfield code="d">CPN</subfield><subfield code="d">CNW</subfield><subfield code="d">OCL</subfield><subfield code="d">OCLCQ</subfield><subfield code="d">OCLCF</subfield><subfield code="d">OCLCO</subfield></datafield><datafield ind1="1" ind2=" " tag="029"><subfield code="a">AU@</subfield><subfield code="b">000025818233</subfield></datafield><datafield ind1=" " ind2=" " tag="042"><subfield code="a">msc</subfield></datafield><datafield ind1=" " ind2=" " tag="043"><subfield code="a">n-us-al</subfield></datafield><datafield ind1="0" ind2="0" tag="050"><subfield code="a">Newspaper 7003-X</subfield></datafield><datafield ind1="0" ind2="4" tag="245"><subfield code="a">The Mobile mercantile advertiser for the country.</subfield></datafield><datafield ind1="1" ind2="3" tag="246"><subfield code="a">Mercantile advertiser</subfield></datafield><datafield ind1=" " ind2=" " tag="260"><subfield code="a">Mobile [Ala.] :</subfield><subfield code="b">Pollard &amp; Dade</subfield></datafield><datafield ind1=" " ind2=" " tag="300"><subfield code="a">v. :</subfield><subfield code="b">ill. (chiefly advertisements) ;</subfield><subfield code="c">61 cm.</subfield></datafield><datafield ind1=" " ind2=" " tag="310"><subfield code="a">Semiweekly (eight months a year)</subfield></datafield><datafield ind1=" " ind2=" " tag="500"><subfield code="a">Weekly four months a year.</subfield></datafield><datafield ind1=" " ind2=" " tag="500"><subfield code="a">Publisher: John Pollard, &lt;1834&gt;-&lt;&gt;.</subfield></datafield><datafield ind1=" " ind2=" " tag="530"><subfield code="a">Also issued on microfilm from the University of Alabama.</subfield></datafield><datafield ind1=" " ind2=" " tag="588"><subfield code="a">Description based on: Vol. 1, no. 20 (Dec. 13, 1833).</subfield></datafield><datafield ind1=" " ind2="0" tag="651"><subfield code="a">Mobile (Ala.)</subfield><subfield code="v">Newspapers.</subfield></datafield><datafield ind1=" " ind2="7" tag="655"><subfield code="a">Newspapers.</subfield><subfield code="2">fast</subfield><subfield code="0">(OCoLC)fst01423814</subfield></datafield><datafield ind1=" " ind2="7" tag="651"><subfield code="a">Alabama</subfield><subfield code="z">Mobile.</subfield><subfield code="2">fast</subfield><subfield code="0">(OCoLC)fst01206367</subfield></datafield><datafield ind1=" " ind2=" " tag="752"><subfield code="a">United States</subfield><subfield code="b">Alabama</subfield><subfield code="c">Mobile</subfield><subfield code="d">Mobile.</subfield></datafield><datafield ind1="1" ind2=" " tag="775"><subfield code="t">Mobile mercantile advertiser (Mobile, Ala. : 1833)</subfield><subfield code="w">(DLC)sn 84020695</subfield></datafield><datafield ind1="0" ind2="0" tag="780"><subfield code="t">Mobile mercantile advertiser (Mobile, Ala. : 1823 : Semiweekly)</subfield><subfield code="w">(DLC)sn 85025907</subfield></datafield><datafield ind1="0" ind2="7" tag="785"><subfield code="t">Mobile chronicle for the country</subfield></datafield><datafield ind1="0" ind2="7" tag="785"><subfield code="t">Mobile advertiser and chronicle (for the country)</subfield><subfield code="w">(DLC)sn 84023536</subfield></datafield></record>